@conference{ripe77jsbgp,
  author = {Job Snijders},
	title = {Robust Routing Policy Architecture},
	year = 2017,
	month = 10,
	booktitle = {RIPE77},
	url = {https://ripe77.ripe.net/presentations/59-RIPE77_Snijders_Routing_Policy_Architecture.pdf}
}

@conference{ripe79ghbgp,
  author = {Geoff Huston},
	title = {30 Years of BGP – A Lesson in Protocol Evolution},
	year = 2019,
	month = 10,
	booktitle = {RIPE79},
	url = {https://ripe79.ripe.net/wp-content/uploads/presentations/26-2019-10-14-bgp30.pdf}
}



@techreport{ripe378,
  shorthand = {RIPE378},
  author = {Philip Smith and Christian Panigl},
  title = {RIPE Routing Working Group Recommendations On Route-flap Damping},
  howpublished = {RIPE Document},
  type = {RFC},
  number = {378},
  year = {2006},
  month = May,
  publisher = {RIPE},
  institution = {RIPE},
}


@techreport{ripe580,
  shorthand = {RIPE580},
  author = {R. Bush and C. Pelsser and M. Kuhne and O. Maennel and  P. Mohapatra and K. Patel and R. Evans},
  title = {RIPE Routing Working Group Recommendation for Route Flap Damping},
  howpublished = {RIPE Document},
  type = {RFC},
  number = {580},
  year = {2013},
  month = Jan,
  publisher = {RIPE},
  institution = {RIPE},
}

@book{BGPintheDataCenter,
      author    = "Dinesh G. Dutt",
      title     = "BGP in the Data Center",
      publisher = "O’Reilly Media, Inc",
      address   = "1005 Gravenstein Highway North, Sebastopol, CA 95472",
      url       = {https://resource.nvidia.com/en-us-bgp-datacenter},
      year      = 2017
    }
